<record><leader>00000cas a22000007a 4500</leader><controlfield tag="001">14153604</controlfield><controlfield tag="008">860827d18291830nyuwr ne      0   a0eng d</controlfield><datafield ind1=" " ind2=" " tag="010"><subfield code="a">sn 86035112 </subfield></datafield><datafield ind1=" " ind2=" " tag="040"><subfield code="a">NYG</subfield><subfield code="b">eng</subfield><subfield code="c">NYG</subfield><subfield code="d">ANU</subfield><subfield code="d">RHN</subfield><subfield code="d">YOX</subfield><subfield code="d">CNK</subfield><subfield code="d">EYM</subfield><subfield code="d">OCL</subfield><subfield code="d">GUA</subfield><subfield code="d">KRTAS</subfield><subfield code="d">OCLCQ</subfield><subfield code="d">OCLCF</subfield><subfield code="d">OCLCO</subfield></datafield><datafield ind1=" " ind2=" " tag="012"><subfield code="i">9503</subfield></datafield><datafield ind1="1" ind2=" " tag="029"><subfield code="a">AU@</subfield><subfield code="b">000020127343</subfield></datafield><datafield ind1=" " ind2=" " tag="042"><subfield code="a">msc</subfield></datafield><datafield ind1=" " ind2=" " tag="043"><subfield code="a">n-us-ny</subfield></datafield><datafield ind1=" " ind2=" " tag="090"><subfield code="a">HD8085.N5</subfield><subfield code="b">W77</subfield></datafield><datafield ind1="0" ind2=" " tag="130"><subfield code="a">Working man's advocate (New York, N.Y. : 1829)</subfield></datafield><datafield ind1="1" ind2="4" tag="245"><subfield code="a">The working man's advocate.</subfield></datafield><datafield ind1="3" ind2="0" tag="246"><subfield code="a">Workingman's advocate</subfield></datafield><datafield ind1=" " ind2=" " tag="260"><subfield code="a">New York, N.Y. :</subfield><subfield code="b">George H. Evans,</subfield><subfield code="c">1829-1830.</subfield></datafield><datafield ind1=" " ind2=" " tag="300"><subfield code="a">1 v.</subfield></datafield><datafield ind1=" " ind2=" " tag="310"><subfield code="a">Weekly</subfield></datafield><datafield ind1="0" ind2=" " tag="362"><subfield code="a">Vol. 1, no. 1 (Oct. 31, 1829)-v. 1, no. 32 (June 5, 1830).</subfield></datafield><datafield ind1=" " ind2=" " tag="530"><subfield code="a">Also issued on microfilm and online.</subfield></datafield><datafield ind1=" " ind2=" " tag="580"><subfield code="a">Merged with: New-York sentinel (non-extant), to form: New-York sentinel, and working man's advocate.</subfield></datafield><datafield ind1=" " ind2="0" tag="650"><subfield code="a">Working class</subfield><subfield code="z">New York (State)</subfield><subfield code="z">New York</subfield><subfield code="v">Newspapers.</subfield></datafield><datafield ind1=" " ind2="0" tag="651"><subfield code="a">New York (N.Y.)</subfield><subfield code="v">Newspapers.</subfield></datafield><datafield ind1=" " ind2="7" tag="655"><subfield code="a">Newspapers.</subfield><subfield code="2">fast</subfield><subfield code="0">(OCoLC)fst01423814</subfield></datafield><datafield ind1=" " ind2="7" tag="650"><subfield code="a">Working class.</subfield><subfield code="2">fast</subfield><subfield code="0">(OCoLC)fst01180418</subfield></datafield><datafield ind1=" " ind2="7" tag="651"><subfield code="a">New York (State)</subfield><subfield code="z">New York.</subfield><subfield code="2">fast</subfield><subfield code="0">(OCoLC)fst01204333</subfield></datafield><datafield ind1=" " ind2=" " tag="752"><subfield code="a">United States</subfield><subfield code="b">New York</subfield><subfield code="c">New York</subfield><subfield code="d">New York.</subfield></datafield><datafield ind1="1" ind2=" " tag="776"><subfield code="t">Working man's advocate (New York, N.Y. : 1829 : Online)</subfield><subfield code="w">(DLC)  2007233769</subfield><subfield code="w">(OCoLC)70834406</subfield></datafield><datafield ind1="1" ind2="7" tag="785"><subfield code="t">New-York sentinel</subfield></datafield><datafield ind1="1" ind2="7" tag="785"><subfield code="t">New-York sentinel, and working man's advocate</subfield><subfield code="w">(DLC)sn 83030391</subfield><subfield code="w">(OCoLC)9485881</subfield></datafield><datafield ind1=" " ind2=" " tag="850"><subfield code="a">MiU</subfield></datafield><datafield ind1="4" ind2="1" tag="856"><subfield code="u">http://proquest.umi.com/pqdweb</subfield></datafield><datafield ind1=" " ind2=" " tag="938"><subfield code="a">Kirtas Technologies, Inc.</subfield><subfield code="b">KRTS</subfield><subfield code="n">739699</subfield></datafield></record>